<record><leader>00000cas a22000007a 4500</leader><controlfield tag="001">10935422</controlfield><controlfield tag="008">840711c19079999msudr ne      0    0eng d</controlfield><controlfield tag="009">3770</controlfield><datafield ind1=" " ind2=" " tag="010"><subfield code="a">sn 84024275 </subfield></datafield><datafield ind1=" " ind2=" " tag="040"><subfield code="a">NPV</subfield><subfield code="b">eng</subfield><subfield code="c">NPV</subfield><subfield code="d">PPM</subfield><subfield code="d">MSJ</subfield><subfield code="d">CNK</subfield></datafield><datafield ind1=" " ind2=" " tag="042"><subfield code="a">msc</subfield></datafield><datafield ind1=" " ind2=" " tag="043"><subfield code="a">n-us-ms</subfield></datafield><datafield ind1="0" ind2=" " tag="130"><subfield code="a">Jackson daily news (Jackson, Miss. : 1907)</subfield></datafield><datafield ind1="0" ind2="0" tag="245"><subfield code="a">Jackson daily news.</subfield></datafield><datafield ind1="1" ind2="0" tag="246"><subfield code="a">Clarion-ledger, Jackson daily news</subfield></datafield><datafield ind1=" " ind2=" " tag="260"><subfield code="a">Jackson, Miss. :</subfield><subfield code="b">News Pub. Co.,</subfield><subfield code="c">1907-</subfield></datafield><datafield ind1=" " ind2=" " tag="300"><subfield code="a">v. :</subfield><subfield code="b">ill. ;</subfield><subfield code="c">58 cm.</subfield></datafield><datafield ind1=" " ind2=" " tag="310"><subfield code="a">Daily (except Sun.)</subfield><subfield code="b">&lt;1962&gt;</subfield></datafield><datafield ind1=" " ind2=" " tag="321"><subfield code="a">Daily,</subfield><subfield code="b">&lt;1934&gt;</subfield></datafield><datafield ind1="0" ind2=" " tag="362"><subfield code="a">Vol. 15, no. 120 (May 16, 1907)-</subfield></datafield><datafield ind1=" " ind2=" " tag="500"><subfield code="a">On Saturday and Sunday published as: Clarion-ledger, Jackson daily news, Aug. 19, 1979-   .</subfield></datafield><datafield ind1=" " ind2=" " tag="500"><subfield code="a">On Sunday published as: Clarion-ledger, Jackson daily news, Oct. 3, 1954-Aug. 12, 1979.</subfield></datafield><datafield ind1=" " ind2=" " tag="580"><subfield code="a">Sunday edition issued with title: Clarion legder, Jackson daily news &lt;1962&gt;.</subfield></datafield><datafield ind1=" " ind2=" " tag="752"><subfield code="a">United States</subfield><subfield code="b">Mississippi</subfield><subfield code="c">Hinds</subfield><subfield code="d">Jackson.</subfield></datafield><datafield ind1="1" ind2=" " tag="775"><subfield code="t">Clarion ledger, Jackson daily news</subfield><subfield code="w">(DLC)sn 83045504</subfield></datafield><datafield ind1="0" ind2="0" tag="780"><subfield code="t">Jackson evening news</subfield></datafield></record>